@comment{This file has been generated by Pybliographer}


@Misc{CTAN2009,
  Author         = {CTAN},
  Title          = {The comprehensive \TeX\ archive network},
  owner          = {Hugo},
  timestamp      = {2009.11.08},
  url            = {http://www.ctan. org},
  urlaccessdate  = {8 de novembro de 2009},
  year           = 2009
}

@Misc{TeX-Br2009,
  Author         = {TeX-BR},
  Title          = {Comunidade \TeX-Br},
  owner          = {Hugo},
  timestamp      = {2009.11.08},
  url            = {http://www.tex-br.org/index.php},
  urlaccessdate  = {8 de novembro de 2009},
  year           = 2009
}

@Book{Lamport1986,
  Author         = {Lamport, Leslie},
  Title          = {\LaTeX: \normalfont a document preparation system},
  Publisher      = {Addison-Wesley},
  Address        = {Reading},
  owner          = {Hugo},
  timestamp      = {2009.11.08},
  year           = 1986
}

@Misc{TeXnicCenter2009,
  Author         = {TeXnicCenter},
  Title          = {\TeX nicCenter: \normalfont the center of your
                   \LaTeX\
 universe},
  owner          = {Hugo},
  timestamp      = {2009.11.08},
  url            = {http://www.texniccenter.org},
  urlaccessdate  = {8 de novembro de 2009},
  year           = 2009
}

@Misc{LaTeX2009,
  Author         = {LaTeX},
  Title          = {The \LaTeX\ project},
  owner          = {Hugo},
  timestamp      = {2009.11.08},
  url            = {http://www.latex-project.org},
  urlaccessdate  = {8 de novembro de 2009},
  year           = 2009
}

@Book{Goossens2007,
  Author         = {Goossens, Michel and Mittelbach, Frank and Rahtz,
                   Sebastian and Roegel, Denis and Voss, Herbert},
  Title          = {The \LaTeX\ graphics companion},
  Publisher      = {Addison-Wesley},
  Address        = {Boston},
  Edition        = {2},
  owner          = {Hugo},
  timestamp      = {2009.11.08},
  year           = 2007
}

@Misc{MiKTeX2009,
  Author         = {MiKTeX},
  Title          = {The MiK\TeX\ project},
  owner          = {Hugo},
  timestamp      = {2009.11.08},
  url            = {http://www.miktex.org},
  urlaccessdate  = {8 de novembro de 2009},
  year           = 2009
}

@Misc{Wikibooks2009,
  Author         = {Wikibooks},
  Title          = {\LaTeX},
  owner          = {Hugo},
  timestamp      = {2009.11.08},
  url            = {http://en.wikibooks.org/wiki/LaTeX},
  urlaccessdate  = {8 de novembro de 2009},
  year           = 2009
}

@Misc{sus2001,
  Title          = {Sistema de {I}nforma\c{c}\~ao em {S}a\'ude},
  HowPublished   = {Online},
  Note           = {http://www.saude.sc.gov.br/sala\_de\_leitura/artigos/Sistemas\_de\_Informacao/SistemasInforma\c{c}\~aoSa\'ude.doc},
  month          = mar,
  year           = 2001
}

@Misc{Mendeley2009,
  Author         = {Mendeley},
  Title          = {Mendeley: \normalfont academic software for research
                   papers},
  owner          = {Hugo},
  timestamp      = {2009.11.08},
  url            = {http://www.mendeley.com},
  urlaccessdate  = {8 de novembro de 2009},
  year           = 2009
}

@Misc{abnTeX2009,
  Author         = {abnTeX},
  Title          = {Absurdas normas para \TeX},
  owner          = {Hugo},
  timestamp      = {2009.11.08},
  url            = {http://sourceforge.net/apps/
                   mediawiki/abntex/index.php},
  urlaccessdate  = {8 de novembro de 2009},
  year           = 2009
}

@Book{Buerger1989,
  Author         = {Buerger, David John},
  Title          = {\LaTeX\ for scientists and engineers},
  Publisher      = {McGraw-Hill},
  Address        = {Singapura},
  owner          = {Hugo},
  timestamp      = {2009.11.08},
  year           = 1989
}

@Book{Mittelbach2004,
  Author         = {Mittelbach, Frank and Goossens, Michel and Braams,
                   Johannes and Carlisle, David and Rowley, Chris},
  Title          = {The \LaTeX\ companion},
  Publisher      = {Addison-Wesley},
  Address        = {Boston},
  Edition        = {2},
  owner          = {Hugo},
  timestamp      = {2009.11.08},
  year           = 2004
}

@Book{UTFPR2008,
  Author         = {UTFPR},
  Editor         = {Reitoria},
  Title          = {Normas para elabora\c{c}\~ao de trabalhos acad\^emicos},
  Publisher      = {Universidade Tecnol\'ogica Federal do Paran\'a},
  Address        = {Curitiba},
  owner          = {Hugo},
  timestamp      = {2009.11.08},
  year           = 2008
}

@Book{DBL98,
  Author         = {Danny B. LANGE, Mitsuru OSHIMA},
  Title          = {Programming and {D}eploying {J}ava {M}obile {A}gents
                   with {A}glets. {E}stados {U}nidos da {A}m\'erica},
  Publisher      = {Addison-Wesley},
  year           = 1998
}

@Misc{JabRef2009,
  Author         = {JabRef},
  Title          = {JabRef reference manager},
  owner          = {Hugo},
  timestamp      = {2009.11.08},
  url            = {http://jabref.sourceforge.net},
  urlaccessdate  = {8 de novembro de 2009},
  year           = 2009
}

@Book{Kopka2003,
  Author         = {Kopka, Helmut and Daly, Patrick W.},
  Title          = {Guide to \LaTeX},
  Publisher      = {Addison-Wesley},
  Address        = {Boston},
  Edition        = {4},
  owner          = {Hugo},
  timestamp      = {2009.11.08},
  year           = 2003
}

@Book{DAELN2006,
  Author         = {DAELN},
  Editor         = {David, Denise Elizabeth Hey and Crocetti, Simone},
  Title          = {Normas de apresenta\c{c}\~ao de trabalhos acad\^emicos
                   do {DAELN}},
  Publisher      = {Departamento Acad\^emico de Eletr\^onica da UTFPR},
  Address        = {Curitiba},
  owner          = {Hugo},
  timestamp      = {2009.11.08},
  year           = 2006
}

@Misc{BibTeX2009,
  Author         = {BibTeX},
  Title          = {Bib\TeX.org},
  owner          = {Hugo},
  timestamp      = {2009.11.08},
  url            = {http://www.bibtex.org},
  urlaccessdate  = {8 de novembro de 2009},
  year           = 2009
}

@MastersThesis{LAP05,
  Author         = {{Luciano Almeida Peixoto}},
  Title          = {Sistema de {A}poio \`a {D}ecis\~ao em {E}xames
                   {O}rtop\'edicos da {C}oluna {V}ertebral para
                   {A}ux\'{\i}lio nos {D}iagn\'osticos
                   {F}isioterap\^euticos das {R}egi\~oes {C}ervical e
                   {L}ombar},
  School         = {Pontif\'{\i}cia Universidade Cat\'olica do Paran\'a,
                   Curitiba},
  Type           = {Mestrado em Tecnologia em Sa\'ude - Programa de
                   P\'os-Gradua\c{c}\~ao em Tecnologia em Sa\'ude},
  year           = 2005
}

